%
% Travail d'Initiative Personnelle Encadré
% https://github.com/LeoColomb/TIPE
% Copyright (c) 2014 Léo Colombaro
% Licensed under MIT License
%

@conference{Perrin,
    author  = "Daniel Perrin",
    title   = "La suite logistique et le chaos",
    year    = "2008"
}
